@unpublished{detectorPaper,
 author = {DEAP-3600 Collaboration},
 title = {The DEAP-3600 Dark Matter Experiment},
 month = {Febuary},
 year = {2016}
 }


@INPROCEEDINGS{deapTriggerLetter,
author={F. Retiere and P. A. Amaudruz and D. Bishop and R. Chouinard and P. Davis and P. Gorel and K. Langton and S. Liu and S. Mead and A. Muir and K. Olchanski and C. Ohlmann},
booktitle={Nuclear Science Symposium and Medical Imaging Conference (NSS/MIC), 2012 IEEE},
title={DEAP trigger and readout electronics},
year={2012},
pages={1802-1805},
doi={10.1109/NSSMIC.2012.6551421},
month={Oct}
}

@online{midas,
ALTauthor = {TRIUMF},
title = {Midas documentation},
month = {Jan},
year = {2016},
day = {26},
url = {https://midas.triumf.ca/MidasWiki/index.php/Midas_documentation}
}
@Unpublished{technicalReport,
author = {DEAP-3600 Collaboration},
title = {DEAP-3600 Electronics $\&$ DAQ Technical Design Report},
}

@online{ppg,
author = {TRIUMF DAQ Group},
title = {VME-PPG32 - pulse pattern generator VME FPGA board},
url = {http://www.triumf.info/wiki/DAQwiki/index.php/VME-PPG32}
}

@Manual{v1720UM,
title = {CAEN Technical Information Manual, Module V1720},
OPTorganization = {CAEN},
OPTedition = {Rev. 26},
OPTurl = {http://www.caen.it/servlet/checkCaenManualFile?Id=10276}
}

@Manual{v1740UM,
title = {CAEN Technical Information Manual, Module V1740},
OPTorganization = {CAEN},
OPTedition = {Rev. 18},
OPTurl = {http://www.caen.it/servlet/checkCaenManualFile?Id=10931}
}
